<?xml version="1.0" encoding="UTF-8"?>
<collection xmlns:xsi="http://www.w3.org/2001/XMLSchema-instance" xsi:schemaLocation="http://www.loc.gov/MARC21/slim http://www.loc.gov/standards/marcxml/schema/MARC21slim.xsd" xmlns="http://www.loc.gov/MARC21/slim">
<record>
  <leader>01201cam a2200301 u 4500</leader>
  <controlfield tag="001">598707</controlfield>
  <controlfield tag="003">NNC</controlfield>
  <controlfield tag="005">20130520211832.0</controlfield>
  <controlfield tag="008">870930q19801985ir            000 0 ara |</controlfield>
  <datafield tag="035" ind1=" " ind2=" ">
    <subfield code="a">(OCoLC)78412549</subfield>
  </datafield>
  <datafield tag="035" ind1=" " ind2=" ">
    <subfield code="a">(OCoLC)ocm78412549</subfield>
  </datafield>
  <datafield tag="035" ind1=" " ind2=" ">
    <subfield code="a">(CStRLIN)NYCG87-B78558</subfield>
  </datafield>
  <datafield tag="035" ind1=" " ind2=" ">
    <subfield code="9">ACQ3424CU</subfield>
  </datafield>
  <datafield tag="035" ind1=" " ind2=" ">
    <subfield code="a">(NNC)598707</subfield>
  </datafield>
  <datafield tag="035" ind1=" " ind2=" ">
    <subfield code="a">598707</subfield>
  </datafield>
  <datafield tag="050" ind1=" " ind2="4">
    <subfield code="a">BP130.4.B27 1980z</subfield>
  </datafield>
  <datafield tag="100" ind1="1" ind2=" ">
    <subfield code="a">Baḥrānī, Hāshim ibn Sulaymān,</subfield>
    <subfield code="d">-approximately 1696.</subfield>
  </datafield>
  <datafield tag="240" ind1="1" ind2="0">
    <subfield code="a">Burhān fī tafsīr al-Qurʼān</subfield>
  </datafield>
  <datafield tag="245" ind1="1" ind2="0">
    <subfield code="a">Kitāb al-burhān fī tafsīr al-Qurʾān /</subfield>
    <subfield code="c">li-muʾallifih Hāshim ibn Sulaymān al-Baḥrānī al-Tawbalī al-Katkānī.</subfield>
  </datafield>
  <datafield tag="260" ind1=" " ind2=" ">
    <subfield code="a">Qum, Iran :</subfield>
    <subfield code="b">Muʾassasah Matbuʻati Ismaʻiliyan,</subfield>
    <subfield code="c">[198-?]</subfield>
  </datafield>
  <datafield tag="300" ind1=" " ind2=" ">
    <subfield code="a">5 v.</subfield>
  </datafield>
  <datafield tag="500" ind1=" " ind2=" ">
    <subfield code="a">Introductory vol. (al-Muqaddimah), with imprint date 1393 H., unnumbered and called vol. 5.</subfield>
  </datafield>
  <datafield tag="500" ind1=" " ind2=" ">
    <subfield code="a">Vol. 1: al-ṭabʻah 2; v. 2-4: al-ṭabʻah 3.</subfield>
  </datafield>
  <datafield tag="500" ind1=" " ind2=" ">
    <subfield code="a">Vol. 1 has date of imprint 1375 H., v. 2-4, 1393 H.</subfield>
  </datafield>
  <datafield tag="500" ind1=" " ind2=" ">
    <subfield code="a">Place of publication varies.</subfield>
  </datafield>
  <datafield tag="630" ind1="0" ind2="0">
    <subfield code="a">Qurʼan</subfield>
    <subfield code="v">Commentaries.</subfield>
  </datafield>
  <datafield tag="740" ind1="0" ind2=" ">
    <subfield code="a">Burhān fī tafsīr al-Qurʾān.</subfield>
  </datafield>
  <datafield tag="740" ind1="0" ind2=" ">
    <subfield code="a">Muqaddimat tafsīr mirʾāt al-anwār wa-mashkūt al-asrār.</subfield>
  </datafield>
  <datafield tag="955" ind1=" " ind2=" ">
    <subfield code="b">CU01614487</subfield>
    <subfield code="d">off,glx</subfield>
    <subfield code="e">BP130.4 .B267 1980z</subfield>
    <subfield code="v">v.1</subfield>
  </datafield>
</record>
</collection>